@misc {wyklad2,
   author = "Paweł Tkaczyk",
   title = "Dlaczego budowanie marki firmy powinno się określać mianem „epicki dramat”?",
   howpublished = "Wykład, Kraków",
   year = 2012
}
@misc {jobs,
   author = "Steve Jobs",
   title = "Stanford Commencement Speech",
   howpublished = "Wideo, Stanford",
   year = 2005}
@misc {wyklad1,
   author = "Paweł Tkaczyk",
   title = "Przegląd nowoczesnych metod budowania marki w kontekście wzbudzania zaangażowania użytkowników",
   howpublished = "Wykład, Gdańsk",
   year = 2012
}
@misc {tkaczykwideo,
   author = "Onepress",
   title = "Mechanizmy gier w działaniach marketingowych -- wywiad z Pawłem Tkaczykiem",
   howpublished = "Wideo, onepress.pl",
   year = 2012}
@misc{facebook,
   author = "Facebook",
   title = "Key facts -- Statistics",
   howpublished = "Strona internetowa",
   year = 2012
}
@BOOK{kall,
   author = "Jacek Kall",
   title = "Jak zbudować silną markę od podstaw, jak uczynić polską markę marką europejską?, jak walczyć z markami sieci handlowych?, silne marki w Polsce i na świecie",
   publisher = "Helion",
   year = 2006
}
@BOOK{pogorzelski,
   author = "Jacek Pogorzelski",
   title = "(R)ewolucja marki, jak tworzyć marki i zarządzać nimi w XXI wieku",
   publisher = "Helion",
   year = 2010
}
@BOOK{aaker,
   author = "David A. Aaker",
   title= "Building Strong Brands",
   publisher = "The Free Press",
   year = 1996
   }
@BOOK{tkaczykgrywalizacja,
   author = "Paweł Tkaczyk",
   title = "Grywalizacja",
   publisher = "Helion",
   year = 2012
   }
@BOOK{tkaczykzakamarki,
   author = "Paweł Tkaczyk",
   title = "Zakamarki marki",
   publisher = "Helion",
   year = 2011
   }